@article{Neal-hmc,
  author = {Neal Radford M.},
  journal = {Handbook of Markov Chain Monte Carlo},
  pages = {113--162},
  title = {{MCMC} Using {Hamiltonian} Dynamics},
  volume = 54,
  year = 2010
}

@book{Douc-mc,
  author = {Douc Randal; Moulines Eric; Priouret Pierre; Soulier Philippe},
  title = {Markov Chains},
  year = 2017
}

